@inproceedings{riedmiller1993direct,
    title={A direct adaptive method for faster backpropagation learning: The RPROP algorithm},
    author={Riedmiller, Martin and Braun, Heinrich},
    booktitle={Neural Networks, 1993., IEEE International Conference on},
    pages={586--591},
    year={1993},
    organization={IEEE}
}
